
@string{procof="Proceedings of the "}
@string{poster="Poster at the "}
@string{wip="Work in progress in the "}

@Comment publishers
@string{acm="ACM"}
@string{usenix="USENIX Association"}
@string{ieee="IEEE Computer Society"}
@string{springer="Springer-Verlag"}
@string{vldbend="VLDB Endowment"}
@string{ibm="IBM Corporation"}
@string{hermes="Hermes"}
@string{wiley="John Wiley \& Sons, Ltd."}
@string{morgan="Morgan Kaufmann"}
@string{addison="Addison-Wesley"}
@string{lncs="LNCS"}
@string{acta="ACTA Press"}
@string{oreilly="O'Reilly"}

@Comment conferences
@string{sosp="Symposium on Operating Systems Principles, SOSP~'"}
@string{osdi="conference on Operating Systems Design and Implementation, OSDI~'"}
@string{eurosys="EuroSys European Conference on Computer Systems, EuroSys~'"}
@string{usenix-atc="Usenix Annual Technical Conference, USENIX ATC~'"}
@string{usenix-stc="Usenix Summer Technical Conference, USENIX STC~'"}
@string{usenix-sec="USENIX Security Symposium~'"}
@string{pldi="conference on Programming Language Design and Implementation, PLDI~'"}
@string{popl="symposium on Principles Of Programming Languages, POPL~'"}
@string{oopsla="conference on Object Oriented Programming Systems Languages and Applications, OOPSLA~'"}
@string{ecoop="European Conference on Object-Oriented Programming, ECOOP~'"}
@string{ismm="International Symposium on Memory Management, ISMM~'"}
@string{isca="International Symposium on Computer Architecture, ISCA~'"}
@string{podc="symposium on Principles Of Distributed Computing, PODC~'"}
@string{disc="international conference on Distributed Computing, DISC~'"}
@string{cgo="international symposium on Code Generation and Optimization, CGO~'"}
@string{icdcs="International Conference on Distributed Computing Systems, ICDCS~'"}
@string{ipdps="International Parallel and Distributed Processing Symposium, IPDPS~'"}
@string{spaa="Symposium on Parallelism in Algorithms and Architectures, SPAA~'"}
@string{ppopp="symposium on Principles and Practices of Parallel Programming, PPoPP~'"}
@string{asplos="conference on Architectural Support for Programming Languages and Operating Systems, ASPLOS~'"}
@string{sigmetrics="international conference on measurement and modeling of computer systems, SIGMETRICS~'"}
@string{hipc="international conference on High Performance Computing, HiPC~'"}
@string{javagrande={conference on Java Grande, JavaGrande~'}}
@string{jvm="Java\texttrademark\ Virtual Machine Research and Technology Symposium, JVM~'"}
@string{vmrt="Virtual Machine Research and Technology Symposium '"}
@string{ccnc="Consumer Communications and Networking Conference, CCNC~'"}
@string{sbac-pad="international Symposium on Computer Architecture and High Performance Computing, SBAC-PAD~'"}
@string{nca="international symposium on Network Computing and Applications, NCA~'"}
@string{dsn="international conference on Dependable Systems and Networks, DSN~'"}
@string{vee="international conference on Virtual Execution Environments, VEE~'"}
@string{pppj="international symposium on Principles and Practice of Programming in Java, PPPJ~'"}
@string{scc="international Conference on Services Computing, SCC~'"}
@string{doa="international conference on Distributed Objects and Applications, DOA~'"}
@string{sac="Symposium on Applied Computing, SAC~'"}
@string{europar="European conference on Parallel processing, EuroPar~'"}
@string{icse="International Conference on Software Engineering, ICSE~'"}
@string{isscc="International Solid-State Circuits Conference, ISSCC~'"}
@string{dac="Design Automation Conference, DAC~'"}
@string{socc="Symposium on Cloud computing, SoCC~'"}
@string{samos="International Conference on Embedded Computer Systems: Architectures, MOdeling and Simulation, SAMOS~'"}
@string{webapps="USENIX conference on Web application development, WebApps~'"}
@string{sde="software engineering symposium on practical Software Development Environments, SDE~'"}
@string{sc="conference on Supercomputing, Supercomputing~'"}
@string{sp="symposium on Security and Privacy, SP~'"}
@string{ijcai="International Joint Conference on Artificial Intelligence, IJCAI~'"}
@string{hpca="symposium on High Performance Computer Architecture, HPCA~'"}

@string{cfse="Conférence Française en Systèmes d'Exploitation, CFSE~'"}
@string{decor="conférence francophone sur le Déploiement et la (Re)configuration de logiciels, DECOR~'"}

@Comment workshops
@string{plos="SOSP Workshop on Programming Languages and Operating Systems, PLOS~'"}
@string{sigopsew=" ACM SIGOPS European Workshop"}
@string{hotpar="workshop on Hot topics in Parallelism, HotPar~'"}
@string{osihpa="workshop on Operating System Interference in High Performance Applications, OSIHPA~'"}
@string{acp4is="workshop on Aspects, Components, and Patterns for Infrastructure Software, ACP4IS~'"}
@string{iies="workshop on Isolation and Integration in Embedded Systems, IIES~'"}
@string{persys="international workshop on Pervasive Systems, PerSys~'"}
@string{mediate="international workshop on Mediation in Semantic Web Services, Mediate~'"}
@string{cipc="NATO workshop on Concurrent Information Processing and Computing, CIPC~'"}
@string{ivme="workshop on Interpreters, Virtual Machines and Emulators, IVME~'"}
@string{jtres="Workshop on Java Technologies for Real-Time and Embedded Systems, JTRES~'"}

@string{osgiw=" Atelier de travail OSGi\texttrademark"}
@string{cfsew=" Atelier journées des Jeunes Chercheurs en Systèmes, chapitre français de l'ACM-SIGOPS"}

@Comment journals
@string{pvldb="VLDB Endowment, PVLDB~'"}
@string{cacm="Communications of the ACM"}
@string{tocs="ACM Transactions on Computer Systems (TOCS)"}
@string{toplas="ACM Transactions on Programming Languages and Systems (TOPLAS)"}
@string{toiis="ACM Transactions on Information and System Security"}
@string{ibmsys="IBM System Journal"}
@string{cpe="Concurrency - Practice \& Experience (CP\&E)"}
@string{spe="Software - Practice \& Experience (SP\&E)"}
@string{jpdc="Journal of Parallel and Distributed Computing (JPDC)"}
@string{osr="SIGOPS Operating System Review (OSR)"}
@string{ijca="IASTED International Journal on Computers and Applications"}
@string{ieee-micro="IEEE Micro"}
@string{ieee-software="IEEE Software"}
@string{ieee-tc="IEEE Transactions on Computers"}

@string{tsi="Technique et Science Informatiques (TSI)"}

